<record><leader>00000cas a22000007a 4500</leader><controlfield tag="001">13744440</controlfield><controlfield tag="008">860618d1985199umtudn ne      0   a0eng d</controlfield><datafield ind1=" " ind2=" " tag="010"><subfield code="a">sn 86075228 </subfield></datafield><datafield ind1=" " ind2=" " tag="040"><subfield code="a">MTL</subfield><subfield code="b">eng</subfield><subfield code="c">MTL</subfield><subfield code="d">NSD</subfield><subfield code="d">MTG</subfield><subfield code="d">OCLCQ</subfield><subfield code="d">OCLCF</subfield><subfield code="d">OCLCO</subfield></datafield><datafield ind1=" " ind2=" " tag="012"><subfield code="j">0</subfield><subfield code="m">d</subfield></datafield><datafield ind1="1" ind2=" " tag="022"><subfield code="a">1046-1590</subfield><subfield code="l">1046-1590</subfield><subfield code="y">0745-7782</subfield><subfield code="2">1</subfield></datafield><datafield ind1=" " ind2=" " tag="037"><subfield code="b">The Havre Daily News, P.O. Box 431, Havre, MT 59501</subfield></datafield><datafield ind1=" " ind2=" " tag="042"><subfield code="a">msc</subfield><subfield code="a">nsdp</subfield></datafield><datafield ind1=" " ind2=" " tag="043"><subfield code="a">n-us-mt</subfield></datafield><datafield ind1="0" ind2=" " tag="130"><subfield code="a">Daily news (Havre, Mont.)</subfield></datafield><datafield ind1=" " ind2="4" tag="222"><subfield code="a">The Daily news</subfield><subfield code="b">(Havre, Mont.)</subfield></datafield><datafield ind1="1" ind2="4" tag="245"><subfield code="a">The Daily news.</subfield></datafield><datafield ind1=" " ind2=" " tag="260"><subfield code="a">Havre, Mont. :</subfield><subfield code="b">Havre Daily News, Inc.,</subfield><subfield code="c">1985-</subfield></datafield><datafield ind1=" " ind2=" " tag="300"><subfield code="a">v. :</subfield><subfield code="b">ill. ;</subfield><subfield code="c">58 cm.</subfield></datafield><datafield ind1=" " ind2=" " tag="310"><subfield code="a">Daily (except Sat. &amp; Sun.)</subfield></datafield><datafield ind1="0" ind2=" " tag="362"><subfield code="a">Vol. 72, no. 1 (May 13, 1985)-</subfield></datafield><datafield ind1=" " ind2=" " tag="588"><subfield code="a">Latest issue consulted: Vol. 76, no. 73 (Aug. 17, 1989).</subfield></datafield><datafield ind1=" " ind2="0" tag="651"><subfield code="a">Havre (Mont.)</subfield><subfield code="v">Periodicals.</subfield></datafield><datafield ind1=" " ind2="7" tag="655"><subfield code="a">Periodicals.</subfield><subfield code="2">fast</subfield><subfield code="0">(OCoLC)fst01411641</subfield></datafield><datafield ind1=" " ind2="7" tag="651"><subfield code="a">Montana</subfield><subfield code="z">Havre.</subfield><subfield code="2">fast</subfield><subfield code="0">(OCoLC)fst01212406</subfield></datafield><datafield ind1=" " ind2=" " tag="752"><subfield code="a">United States</subfield><subfield code="b">Montana</subfield><subfield code="c">Hill</subfield><subfield code="d">Havre.</subfield></datafield><datafield ind1="0" ind2="0" tag="780"><subfield code="t">Havre daily news</subfield><subfield code="x">0745-7782</subfield><subfield code="w">(DLC)sn 83007671</subfield><subfield code="w">(OCoLC)9444689</subfield></datafield><datafield ind1="0" ind2="0" tag="785"><subfield code="t">Havre daily news (1995)</subfield><subfield code="x">1085-925X</subfield><subfield code="w">(DLC)sn 95002368</subfield></datafield></record>